<marc:record xmlns:marc="http://www.loc.gov/MARC21/slim" xmlns:xsi="http://www.w3.org/2001/XMLSchema-instance" xsi:schemaLocation="http://www.loc.gov/MARC21/slim http://www.loc.gov/standards/marcxml/schema/MARC21slim.xsd"><marc:leader>00460nkm a2200181 a 45 0</marc:leader><marc:controlfield tag="001">1113517</marc:controlfield><marc:controlfield tag="003">NL-AMISG</marc:controlfield><marc:controlfield tag="005">20041005101501.0</marc:controlfield><marc:controlfield tag="008">200410suuuuuuuu||||||||||||||||||||||| d</marc:controlfield><marc:datafield ind1=" " ind2=" " tag="035"><marc:subfield code="a">(IISG)IISGb10930660</marc:subfield></marc:datafield><marc:datafield ind1=" " ind2=" " tag="040"><marc:subfield code="a">NL-AmISG</marc:subfield></marc:datafield><marc:datafield ind1="1" ind2="0" tag="245"><marc:subfield code="k">Visual document.</marc:subfield></marc:datafield><marc:datafield ind1=" " ind2=" " tag="260"><marc:subfield code="c">1962-1963</marc:subfield></marc:datafield><marc:datafield ind1=" " ind2=" " tag="542"><marc:subfield code="m">closed</marc:subfield></marc:datafield><marc:datafield ind1="1" ind2="4" tag="600"><marc:subfield code="a">Koopmans, Wim.</marc:subfield><marc:subfield code="0">(NL-AMISG)168533</marc:subfield></marc:datafield><marc:datafield ind1=" " ind2="4" tag="648"><marc:subfield code="a">1962-1963.</marc:subfield><marc:subfield code="0">(NL-AMISG)366180</marc:subfield></marc:datafield><marc:datafield ind1=" " ind2="4" tag="650"><marc:subfield code="a">Biographica.</marc:subfield><marc:subfield code="0">(NL-AMISG)306042</marc:subfield></marc:datafield><marc:datafield ind1=" " ind2="4" tag="651"><marc:subfield code="a">Netherlands.</marc:subfield><marc:subfield code="0">(NL-AMISG)569282</marc:subfield></marc:datafield><marc:datafield ind1=" " ind2="4" tag="655"><marc:subfield code="a">Membership card.</marc:subfield><marc:subfield code="0">(NL-AMISG)174002</marc:subfield></marc:datafield><marc:datafield ind1=" " ind2=" " tag="695"><marc:subfield code="a">NED</marc:subfield><marc:subfield code="e">Nederland.</marc:subfield></marc:datafield><marc:datafield ind1="2" ind2=" " tag="710"><marc:subfield code="a">PSP.</marc:subfield><marc:subfield code="0">(NL-AMISG)202286</marc:subfield></marc:datafield><marc:datafield ind1="4" ind2=" " tag="852"><marc:subfield code="a">IISG</marc:subfield><marc:subfield code="b">IISG</marc:subfield><marc:subfield code="c">IISG</marc:subfield><marc:subfield code="j">BG A59/936</marc:subfield><marc:subfield code="n">Available</marc:subfield><marc:subfield code="p">10622/30051001792008</marc:subfield></marc:datafield><marc:datafield ind1=" " ind2=" " tag="901"><marc:subfield code="a">1113517</marc:subfield><marc:subfield code="b">Unknown</marc:subfield><marc:subfield code="c">1113517</marc:subfield><marc:subfield code="t">biblio</marc:subfield></marc:datafield><marc:datafield ind1=" " ind2=" " tag="902"><marc:subfield code="a">10622/4216991F-A9A7-473C-B75C-1A721AF0A45B</marc:subfield></marc:datafield></marc:record>